% A
@article{aistleitner2014functions,
  title={Functions of bounded variation, signed measures, and a general Koksma-Hlawka inequality},
  author={Aistleitner, Christoph and Dick, Josef},
  journal={arXiv preprint arXiv:1406.0230},
  year={2014}
},

@misc{aistleitner2016bounded,
  author = {Aistleitner, Christoph and Pausinger, Florian and Svane, Anne Marie and Tichy, Robert F.},
  title = {On functions of bounded variation},
  publisher = {arXiv},
  year = {2016},
},

@inproceedings{albert2019concentration,
  title={Concentration inequalities for randomly permuted sums},
  author={Albert, M{\'e}lisande},
  booktitle={High Dimensional Probability VIII: The Oaxaca Volume},
  pages={341--383},
  year={2019},
  organization={Springer}
}

@article{ariascastro2005near,
  title={Near-optimal detection of geometric objects by fast multiscale methods},
  author={Arias-Castro, Ery and Donoho, David L and Huo, Xiaoming},
  journal={IEEE Transactions on Information Theory},
  volume={51},
  number={7},
  pages={2402--2425},
  year={2005},
  publisher={IEEE}
},

@article{ariascastro2011detection,
  title={Detection of an anomalous cluster in a network},
  author={Arias-Castro, Ery and Candes, Emmanuel J and Durand, Arnaud},
  journal={The Annals of Statistics},
  pages={278--304},
  year={2011},
  publisher={JSTOR}
}

@article{ariascastro2011global,
  title={Global testing under sparse alternatives: ANOVA, multiple comparisons and the higher criticism},
  author={Arias-Castro, Ery and Cand{\`e}s, Emmanuel J and Plan, Yaniv},
  journal={The Annals of Statistics},
  volume={39},
  number={5},
  pages={2533--2556},
  year={2011},
  publisher={Institute of Mathematical Statistics}
},

@article{ariascastro2018remember,
  title={Remember the curse of dimensionality: The case of goodness-of-fit testing in arbitrary dimension},
  author={Arias-Castro, Ery and Pelletier, Bruno and Saligrama, Venkatesh},
  journal={Journal of Nonparametric Statistics},
  volume={30},
  number={2},
  pages={448--471},
  year={2018}
}

@inproceedings{arjovsky2017wasserstein,
  title={Wasserstein generative adversarial networks},
  author={Arjovsky, Martin and Chintala, Soumith and Bottou, L{\'e}on},
  booktitle={International conference on machine learning},
  pages={214--223},
  year={2017},
  organization={PMLR}
},

% B
@article{balakrishnan2019hypothesis,
  title={Hypothesis testing for densities and high-dimensional multinomials: Sharp local minimax rates},
  author={Balakrishnan, Sivaraman and Wasserman, Larry},
  journal={The Annals of Statistics},
  volume={47},
  number={4},
  pages={1893--1927},
  year={2019},
  publisher={Institute of Mathematical Statistics}
},

@article{baldi2001weighted,
  title={Weighted BV functions},
  author={Baldi, Annalisa},
  journal={Houston J. Math},
  volume={27},
  number={3},
  pages={683--705},
  year={2001}
},

@article{barron2017duality,
  title={Duality for the L-infinity optimal transport problem},
  author={Barron, E and Bocea, M and Jensen, R},
  journal={Transactions of the American Mathematical Society},
  volume={369},
  number={5},
  pages={3289--3323},
  year={2017}
}

@inproceedings{belkin2007convergence,
	Author = {Belkin, Mikhail and Niyogi, Partha},
	Booktitle = {Advances in Neural Information Processing Systems},
	Title = {Convergence of {Laplacian} eigenmaps},
	Volume = {20},
	Year = {2007}
},


@article{bhattacharya2019general,
  title={A general asymptotic framework for distribution-free graph-based two-sample tests},
  author={Bhattacharya, Bhaswar B},
  journal={Journal of the Royal Statistical Society: Series B (Statistical Methodology)},
  volume={81},
  number={3},
  pages={575--602},
  year={2019}
},

@article{bickel1969distribution,
  title={A distribution free version of the Smirnov two sample test in the p-variate case},
  author={Bickel, Peter J},
  journal={The Annals of Mathematical Statistics},
  volume={40},
  number={1},
  pages={1--23},
  year={1969},
  publisher={JSTOR}
}


% C
@article{calder2022improved,
  title={Improved spectral convergence rates for graph Laplacians on $\varepsilon$-graphs and k-NN graphs},
  author={Calder, Jeff and Trillos, Nicolas Garcia},
  journal={Applied and Computational Harmonic Analysis},
  volume={60},
  pages={123--175},
  year={2022}
},

@inproceedings{chambolle2005total,
  title={Total variation minimization and a class of binary MRF models},
  author={Chambolle, Antonin},
  booktitle={International Workshop on Energy Minimization Methods in Computer Vision and Pattern Recognition},
  pages={136--152},
  year={2005},
},

@article{chambolle2010introduction,
  title={An introduction to total variation for image analysis},
  author={Chambolle, Antonin and Caselles, Vicent and Cremers, Daniel and Novaga, Matteo and Pock, Thomas},
  journal={Theoretical foundations and numerical methods for sparse recovery},
  volume={9},
  number={263-340},
  pages={227},
  year={2010}
},

@article{cheng2022eigen,
  title={Eigen-convergence of Gaussian kernelized graph Laplacian by manifold heat interpolation},
  author={Cheng, Xiuyuan and Wu, Nan},
  journal={Applied and Computational Harmonic Analysis},
  volume={61},
  pages={132--190},
  year={2022},
  publisher={Elsevier}
}

% D
@article{donoho2004higher,
  title={Higher criticism for detecting sparse heterogeneous mixtures},
  author={Donoho, David and Jin, Jiashun},
  journal={The Annals of Statistics},
  volume={32},
  number={3},
  pages={962--994},
  year={2004},
  publisher={Institute of Mathematical Statistics}
},



% F
@article{fang2021multivariate,
  title={Multivariate extensions of isotonic regression and total variation denoising via entire monotonicity and Hardy--Krause variation},
  author={Fang, Billy and Guntuboyina, Adityanand and Sen, Bodhisattva},
  journal={The Annals of Statistics},
  volume={49},
  number={2},
  pages={769--792},
  year={2021}
},

@article{friedman1979multivariate,
  title={Multivariate generalizations of the Wald-Wolfowitz and Smirnov two-sample tests},
  author={Friedman, Jerome H and Rafsky, Lawrence C},
  journal={The Annals of Statistics},
  pages={697--717},
  year={1979},
},

@article{friedman1999bump,
  title={Bump hunting in high-dimensional data},
  author={Friedman, Jerome H and Fisher, Nicholas I},
  journal={Statistics and computing},
  volume={9},
  number={2},
  pages={123--143},
  year={1999},
  publisher={Springer}
}

% G
@article{garciatrillos2015rate,
  title={On the rate of convergence of empirical measures in infinity-transportation distance},
  author={Garc{\'\i}a Trillos, Nicol{\'a}s and Slep{\v{c}}ev, Dejan},
  journal={Canadian Journal of Mathematics},
  volume={67},
  number={6},
  pages={1358--1383},
  year={2015},
  publisher={Cambridge University Press}
},

@article{garciatrillos2016continuum,
	author={Garc{\'\i}a Trillos, Nicol{\'a}s and Slep{\v{c}}ev, Dejan},
	journal={Archive for rational mechanics and analysis},
	number={1},
  	title={Continuum limit of total variation on point clouds},
 	volume={220},
  	year={2016}
},

@article{garciatrillos2016consistency,
  title={Consistency of Cheeger and ratio graph cuts},
  author={Garc{\'\i}a Trillos, Nicol{\'a}s and Slep{\v{c}}ev, Dejan and Von Brecht, James and Laurent, Thomas and Bresson, Xavier},
  journal={The Journal of Machine Learning Research},
  volume={17},
  number={1},
  pages={6268--6313},
  year={2016}
}

@article{garciatrillos2017estimating, 
	author={Garc{\'\i}a Trillos, Nicol{\'a}s and Slep{\v{c}}ev, Dejan and von Brecht, James},
	journal={Advances in Applied Probability},
	number={4}, 
	title={Estimating perimeter using graph cuts}, 
	volume={49}, 
	year={2017}
},

@article{garciatrillos2018variational,
  title={A variational approach to the consistency of spectral clustering},
  author={Garc{\'\i}a Trillos, Nicolas  and Slep{\v{c}}ev, Dejan},
  journal={Applied and Computational Harmonic Analysis},
  volume={45},
  number={2},
  pages={239--281},
  year={2018}
},

@article{garciatrillos2020error,
  title={Error estimates for spectral convergence of the graph Laplacian on random geometric graphs toward the Laplace--Beltrami operator},
  author={Garc{\'\i}a Trillos, Nicol{\'a}s and Gerlach, Moritz and Hein, Matthias and Slep{\v{c}}ev, Dejan},
  journal={Foundations of Computational Mathematics},
  volume={20},
  number={4},
  pages={827--887},
  year={2020},
},

@article{garciatrillos2020graph,
  title={From graph cuts to isoperimetric inequalities: Convergence rates of Cheeger cuts on data clouds},
  author={Garc{\'\i}a Trillos, Nicol{\'a}s and Murray, Ryan and Thorpe, Matthew},
  journal={arXiv preprint arXiv:2004.09304},
  year={2020}
},

@inproceedings{green2021minimaxa,
  title={Minimax optimal regression over sobolev spaces via laplacian regularization on neighborhood graphs},
  author={Green, Alden and Balakrishnan, Sivaraman and Tibshirani, Ryan},
  booktitle={International Conference on Artificial Intelligence and Statistics},
  pages={2602--2610},
  year={2021},
  organization={PMLR}
},

@article{green2021minimaxb,
  title={Minimax Optimal Regression over Sobolev Spaces via Laplacian Eigenmaps on Neighborhood Graphs},
  author={Green, Alden and Balakrishnan, Sivaraman and Tibshirani, Ryan J},
  journal={arXiv preprint arXiv:2111.07394},
  year={2021}
},

@article{gretton2012kernel,
  title={A kernel two-sample test},
  author={Gretton, Arthur and Borgwardt, Karsten M and Rasch, Malte J and Sch{\"o}lkopf, Bernhard and Smola, Alexander},
  journal={The Journal of Machine Learning Research},
  volume={13},
  number={1},
  pages={723--773},
  year={2012},
  publisher={JMLR. org}
},

% H
@article{hein2011beyond,
  title={Beyond spectral clustering-tight relaxations of balanced graph cuts},
  author={Hein, Matthias and Setzer, Simon},
  journal={Advances in neural information processing systems},
  volume={24},
  year={2011}
},

@article{henze1988multivariate,
  title={A multivariate two-sample test based on the number of nearest neighbor type coincidences},
  author={Henze, Norbert},
  journal={The Annals of Statistics},
  volume={16},
  number={2},
  pages={772--783},
  year={1988}
},

@article{henze1999multivariate,
  title={On the multivariate runs test},
  author={Henze, Norbert and Penrose, Mathew D},
  journal={Annals of statistics},
  pages={290--298},
  year={1999}
},

@article{hu2022,
  title ={},
  author = {Hu, Addison and Green, Alden and Tibshirani, Ryan J},
  year = {2022}
}

@inproceedings{hutter2016optimal,
  title={Optimal rates for total variation denoising},
  author={H{\"u}tter, Jan-Christian and Rigollet, Philippe},
  booktitle={Conference on Learning Theory},
  pages={1115--1146},
  year={2016},
  organization={PMLR}
}

% I
@article{ingster1987minimax,
  title={Minimax testing of nonparametric hypotheses on a distribution density in the L\_p metrics},
  author={Ingster, Yu I},
  journal={Theory of Probability \& Its Applications},
  volume={31},
  number={2},
  pages={333--337},
  year={1987},
  publisher={SIAM}
},

@article{ingster2000adaptive,
  title={Adaptive chi-square tests},
  author={Ingster, Yu I},
  journal={Journal of Mathematical Sciences},
  volume={99},
  number={2},
  pages={1110--1119},
  year={2000},
  publisher={Springer}
},

@book{ingster2003nonparametric,
  title={Nonparametric goodness-of-fit testing under Gaussian models},
  author={Ingster, Yuri and Ingster, Jurij I and Suslina, IA},
  volume={169},
  year={2003},
  publisher={Springer Science \& Business Media}
}

% J
@article{janssen2000global,
  title={Global power functions of goodness of fit tests},
  author={Janssen, Arnold},
  journal={The Annals of Statistics},
  volume={28},
  number={1},
  pages={239--253},
  year={2000},
  publisher={Institute of Mathematical Statistics}
}

@article{justel1997multivariate,
  title={A multivariate Kolmogorov-Smirnov test of goodness of fit},
  author={Justel, Ana and Pe{\~n}a, Daniel and Zamar, Rub{\'e}n},
  journal={Statistics \& probability letters},
  volume={35},
  number={3},
  pages={251--259},
  year={1997},
  publisher={Elsevier}
}

% K
@article{kiefer1958deviations,
  title={On the deviations of the empiric distribution function of vector chance variables},
  author={Kiefer, Jack and Wolfowitz, Jacob},
  journal={Transactions of the American Mathematical Society},
  volume={87},
  number={1},
  pages={173--186},
  year={1958},
  publisher={JSTOR}
},

@article{kim2019global,
  title={Global and local two-sample tests via regression},
  author={Kim, Ilmun and Lee, Ann B and Lei, Jing},
  journal={Electronic Journal of Statistics},
  volume={13},
  number={2},
  pages={5253--5305},
  year={2019},
  publisher={Institute of Mathematical Statistics and Bernoulli Society}
},

@article{koltchinskii2000random,
	Author = {Koltchinskii, Vladimir and Gine, Evarist},
	Fjournal = {Bernoulli},
	Journal = {Bernoulli},
	Month = {02},
	Number = {1},
	Pages = {113--167},
	Publisher = {Bernoulli Society for Mathematical Statistics and Probability},
	Title = {Random matrix approximation of spectra of integral operators},
	Volume = {6},
	Year = {2000}},

@article{kulldorff1997spatial,
  title={A spatial scan statistic},
  author={Kulldorff, Martin},
  journal={Communications in Statistics-Theory and methods},
  volume={26},
  number={6},
  pages={1481--1496},
  year={1997},
  publisher={Taylor \& Francis}
}

% L
@book{lehmann2005testing,
  title={Testing statistical hypotheses},
  author={Lehmann, Erich Leo and Romano, Joseph P},
  volume={3},
  year={2005},
  publisher={Springer}
}

@book{leoni2017first,
  title={A first course in Sobolev spaces},
  author={Leoni, Giovanni},
  year={2017},
  publisher={American Mathematical Soc.}
},

@article{liang2021well,
  title={How well generative adversarial networks learn distributions},
  author={Liang, Tengyuan},
  journal={The Journal of Machine Learning Research},
  volume={22},
  number={1},
  pages={10366--10406},
  year={2021},
  publisher={JMLRORG}
}

% M
@article{massey1951kolmogorov,
  title={The Kolmogorov-Smirnov test for goodness of fit},
  author={Massey Jr, Frank J},
  journal={Journal of the American statistical Association},
  volume={46},
  number={253},
  pages={68--78},
  year={1951}
},

@article{mann1942choice,
  title={On the choice of the number of class intervals in the application of the chi square test},
  author={Mann, HB and Wald, Abraham},
  journal={The Annals of Mathematical Statistics},
  volume={13},
  number={3},
  pages={306--317},
  year={1942},
  publisher={JSTOR}
},

@article{meyers1977integral,
  title={Integral inequalities of Poincar{\'e} and Wirtinger type for BV functions},
  author={Meyers, Norman G and Ziemer, William P},
  journal={American Journal of Mathematics},
  pages={1345--1360},
  year={1977},
  publisher={JSTOR}
},

@inproceedings{mroueh2018sobolev,
  title={Sobolev Gan},
  author={Mroueh, Youssef and Li, Chun Liang and Sercu, Tom and Raj, Anant and Cheng, Yu},
  booktitle={International Conference on Learning Representations},
  year={2018},
  organization={International Conference on Learning Representations, ICLR}
}

@article{muller1997integral,
  title={Integral probability metrics and their generating classes of functions},
  author={M{\"u}ller, Alfred},
  journal={Advances in Applied Probability},
  volume={29},
  number={2},
  pages={429--443},
  year={1997},
  publisher={Cambridge University Press}
},

% N
@article{nadler2009statistical,
  title={Statistical analysis of semi-supervised learning: The limit of infinite unlabelled data},
  author={Nadler, Boaz and Srebro, Nathan and Zhou, Xueyuan},
  journal={Advances in neural information processing systems},
  volume={22},
  year={2009}
}

% O
@article{ongie2019function,
  title={A function space view of bounded norm infinite width relu nets: The multivariate case},
  author={Ongie, Greg and Willett, Rebecca and Soudry, Daniel and Srebro, Nathan},
  journal={arXiv preprint arXiv:1910.01635},
  year={2019}
},


@incollection{owen2005multidimensional,
  title={Multidimensional variation for quasi-Monte Carlo},
  author={Owen, Art B},
  booktitle={Contemporary Multivariate Analysis And Design Of Experiments},
  pages={49--74},
  year={2005},
},

% P
@article{padilla2020adaptive,
  title={Adaptive nonparametric regression with the K-nearest neighbour fused lasso},
  author={Madrid Padilla, Oscar Hernan and Sharpnack, James and Chen, Yanzhen and Witten, Daniela M},
  journal={Biometrika},
  volume={107},
  number={2},
  pages={293--310},
  year={2020},
  publisher={Oxford University Press}
},

@article{parhi2021banach,
  title={Banach Space Representer Theorems for Neural Networks and Ridge Splines.},
  author={Parhi, Rahul and Nowak, Robert D},
  journal={J. Mach. Learn. Res.},
  volume={22},
  number={43},
  pages={1--40},
  year={2021}
}

@article{phuc2015characterizations,
  title={Characterizations of signed measures in the dual of $ BV $ and related isometric isomorphisms},
  author={Phuc, Nguyen Cong and Torres, Monica},
  journal={arXiv preprint arXiv:1503.06208},
  year={2015}
},

% R
@article{ramdas2015adaptivity,
  title={Adaptivity and computation-statistics tradeoffs for kernel and distance based high dimensional two sample testing},
  author={Ramdas, Aaditya and Reddi, Sashank J and Poczos, Barnabas and Singh, Aarti and Wasserman, Larry},
  journal={arXiv preprint arXiv:1508.00655},
  year={2015}
},

@inproceedings{ramdas2015decreasing,
  title={On the decreasing power of kernel and distance based nonparametric hypothesis tests in high dimensions},
  author={Ramdas, Aaditya and Reddi, Sashank Jakkam and P{\'o}czos, Barnab{\'a}s and Singh, Aarti and Wasserman, Larry},
  booktitle={Proceedings of the AAAI Conference on Artificial Intelligence},
  volume={29},
  number={1},
  year={2015}
},

@article{rosenbaum2005exact,
  title={An exact distribution-free test comparing two multivariate distributions based on adjacency},
  author={Rosenbaum, Paul R},
  journal={Journal of the Royal Statistical Society: Series B (Statistical Methodology)},
  volume={67},
  number={4},
  pages={515--530},
  year={2005},
  publisher={Wiley Online Library}
}

% S
@inproceedings{sadhanala2019higher,
  title={A higher-order kolmogorov-smirnov test},
  author={Sadhanala, Veeranjaneyulu and Wang, Yu-Xiang and Ramdas, Aaditya and Tibshirani, Ryan J},
  booktitle={The 22nd International Conference on Artificial Intelligence and Statistics},
  pages={2621--2630},
  year={2019},
  organization={PMLR}
},

@article{schilling1986multivariate,
  title={Multivariate two-sample tests based on nearest neighbors},
  author={Schilling, Mark F},
  journal={Journal of the American Statistical Association},
  volume={81},
  number={395},
  pages={799--806},
  year={1986}
},

@article{sharpnack2013near,
  title={Near-optimal anomaly detection in graphs using lovasz extended scan statistic},
  author={Sharpnack, James L and Krishnamurthy, Akshay and Singh, Aarti},
  journal={Advances in Neural Information Processing Systems},
  volume={26},
  year={2013}
},

@article{singer2017spectral,
  title={Spectral convergence of the connection laplacian from random samples},
  author={Singer, Amit and Wu, Hau-Tieng},
  journal={Information and Inference: A Journal of the IMA},
  volume={6},
  number={1},
  pages={58--123},
  year={2017},
  publisher={Oxford University Press}
},

@article{singh2018nonparametric,
  title={Nonparametric density estimation under adversarial losses},
  author={Singh, Shashank and Uppal, Ananya and Li, Boyue and Li, Chun-Liang and Zaheer, Manzil and P{\'o}czos, Barnab{\'a}s},
  journal={Advances in Neural Information Processing Systems},
  volume={31},
  year={2018}
},

@article{sriperumbudur2009integral,
  title={On integral probability metrics,$\backslash$phi-divergences and binary classification},
  author={Sriperumbudur, Bharath K and Fukumizu, Kenji and Gretton, Arthur and Sch{\"o}lkopf, Bernhard and Lanckriet, Gert RG},
  journal={arXiv preprint arXiv:0901.2698},
  year={2009}
},

@article{sriperumbudur2010hilbert,
  title={Hilbert space embeddings and metrics on probability measures},
  author={Sriperumbudur, Bharath K and Gretton, Arthur and Fukumizu, Kenji and Sch{\"o}lkopf, Bernhard and Lanckriet, Gert RG},
  journal={The Journal of Machine Learning Research},
  volume={11},
  pages={1517--1561},
  year={2010},
  publisher={JMLR. org}
},

% T
@article{taylor2016inference,
  title={Inference in adaptive regression via the Kac--Rice formula},
  author={Taylor, Jonathan E and Loftus, Joshua R and Tibshirani, Ryan J},
  journal={The Annals of Statistics},
  volume={44},
  number={2},
  pages={743--770},
  year={2016},
  publisher={Institute of Mathematical Statistics}
}

% U
@article{uppal2019nonparametric,
  title={Nonparametric density estimation \& convergence rates for gans under besov ipm losses},
  author={Uppal, Ananya and Singh, Shashank and P{\'o}czos, Barnab{\'a}s},
  journal={Advances in neural information processing systems},
  volume={32},
  year={2019}
}

% V
@article{vishnoi2012laplacian,
  title={Laplacian Solvers and their Algorithmic Applications},
  author={Vishnoi, Nisheeth},
  journal={Foundations and Trends in Theoretical Computer Science},
  year={2012}
},

@article{vonluxburg2008consistency,
	Author = {von Luxburg, Ulrike and Belkin, Mikhail and Bousquet, Olivier},
	Journal = {Annals of Statistics},
	Number = {2},
	Pages = {555--586},
	Title = {Consistency of spectral clustering},
	Volume = {36},
	Year = {2008}
},

% W

@inproceedings{wang2014falling,
  title={The falling factorial basis and its statistical applications},
  author={Wang, Yu-Xiang and Smola, Alex and Tibshirani, Ryan},
  booktitle={International Conference on Machine Learning},
  pages={730--738},
  year={2014},
  organization={PMLR}
},

@article{wang2016trend,
  author  = {Yu-Xiang Wang and James Sharpnack and Alexander J. Smola and Ryan J. Tibshirani},
  title   = {Trend Filtering on Graphs},
  journal = {Journal of Machine Learning Research},
  year    = {2016},
  volume  = {17},
  number  = {105},
  pages   = {1--41}
},

% Z
@book{ziemer2012weakly,
  title={Weakly differentiable functions: Sobolev spaces and functions of bounded variation},
  author={Ziemer, William P},
  volume={120},
  year={2012},
  publisher={Springer Science \& Business Media}
},

@article{zolotarev1984probability,
  title={Probability metrics},
  author={Zolotarev, Vladimir Mikhailovich},
  journal={Theory of Probability \& Its Applications},
  volume={28},
  number={2},
  pages={278--302},
  year={1984},
  publisher={SIAM}
}